@article{box1976science,
    Author = {Box, George EP},
    Journal = {Journal of the American Statistical Association},
    Number = {356},
    Pages = {791--799},
    Title = {Science and Statistics},
    Volume = {71},
    Year = {1976}}
